<record xmlns="http://www.loc.gov/MARC21/slim" xmlns:xsi="http://www.w3.org/2001/XMLSchema-instance" xsi:schemaLocation="http://www.loc.gov/MARC21/slim http://www.loc.gov/standards/marcxml/schema/MARC21slim.xsd"><leader>01854nam a2200361   4500</leader><controlfield tag="001">001680281</controlfield><controlfield tag="003">NNU</controlfield><controlfield tag="006">m        d        </controlfield><controlfield tag="007">cr cn |||m|||a</controlfield><controlfield tag="008">150116m19281930ae      ob    000 0 arao</controlfield><datafield ind1=" " ind2=" " tag="040"><subfield code="a">NNU</subfield><subfield code="b">eng</subfield><subfield code="c">NNU</subfield></datafield><datafield ind1="0" ind2=" " tag="050"><subfield code="a">PJ7700.K8</subfield><subfield code="b">Z77</subfield></datafield><datafield ind1="1" ind2=" " tag="100"><subfield code="a">P&#233;r&#232;s, Henri.</subfield></datafield><datafield ind1="1" ind2="0" tag="245"><subfield code="a">Shar&#7717; D&#299;w&#257;n Kuthayyir ibn &#699;Abd al-Ra&#7717;m&#257;n al-Khuz&#257;&#699;&#299; al-mashh&#363;r bi-Kuthayyir &#699;Azzah</subfield><subfield code="h">[electronic resource] /</subfield><subfield code="c">Qad i&#699;tan&#225; bi-jam&#699;ihi wa-nashrihi Hanr&#299; P&#299;ris.</subfield></datafield><datafield ind1=" " ind2=" " tag="260"><subfield code="a">[al-Jaz&#257;&#697;ir,</subfield><subfield code="b">Ma&#7789;ba&#699;at J&#363;l Karb&#363;nil]</subfield><subfield code="c">1928-[30]</subfield></datafield><datafield ind1=" " ind2=" " tag="300"><subfield code="a">online resource (2 v.)</subfield></datafield><datafield ind1="0" ind2=" " tag="490"><subfield code="a">Fu&#7717;&#363;l al-&#699;Arab f&#299; &#699;ilm al-adab.</subfield></datafield><datafield ind1="1" ind2=" " tag="490"><subfield code="a">Khaz&#257;nat al-Kutub al-&#699;Arab&#299;yah.</subfield></datafield><datafield ind1=" " ind2=" " tag="500"><subfield code="a">Added t.p.: D&#238;w&#257;n [par] Ko&#7789;ayyir-&#699;Azza; accompagn&#233; d'un commentaire arabe.</subfield></datafield><datafield ind1=" " ind2=" " tag="500"><subfield code="a">A compilation of commentaries on individual verses of Kuthayyir's poems written by various authors.</subfield></datafield><datafield ind1=" " ind2=" " tag="500"><subfield code="a">Vol. 2 has introd. in French.</subfield></datafield><datafield ind1=" " ind2=" " tag="500"><subfield code="a">Part of the Arabic Collections Online (ACO) project, contributed by New York Univeristy Libraries.</subfield></datafield><datafield ind1=" " ind2=" " tag="504"><subfield code="a">Includes bibliographical references.</subfield></datafield><datafield ind1=" " ind2=" " tag="533"><subfield code="a">Electronic reproduction.</subfield><subfield code="b">New York, N.Y. :</subfield><subfield code="c">New York University,</subfield><subfield code="d">2015.</subfield><subfield code="5">NNU</subfield></datafield><datafield ind1="0" ind2="0" tag="600"><subfield code="a">Kuthayyir &#699;Azzah ibn &#699;Abd al-Ra&#7717;m&#257;n,</subfield><subfield code="d">d. 723.</subfield><subfield code="t">D&#299;w&#257;n.</subfield></datafield><datafield ind1="0" ind2=" " tag="700"><subfield code="a">Kuthayyir &#699;Azzah ibn &#699;Abd al-Ra&#7717;m&#257;n,</subfield><subfield code="d">d. 723.</subfield><subfield code="t">D&#299;w&#257;n.</subfield><subfield code="f">1928-30.</subfield></datafield><datafield ind1="2" ind2=" " tag="710"><subfield code="a">New York University.</subfield><subfield code="b">Libraries.</subfield></datafield><datafield ind1="0" ind2=" " tag="730"><subfield code="a">Arabic Collections Online.</subfield></datafield><datafield ind1="0" ind2="8" tag="776"><subfield code="i">Print version:</subfield><subfield code="a">P&#233;r&#232;s, Henri.</subfield><subfield code="t">Shar&#7717; D&#299;w&#257;n Kuthayyir ibn &#699;Abd al-Ra&#7717;m&#257;n al-Khuz&#257;&#699;&#299; al-mashh&#363;r bi-Kuthayyir &#699;Azzah</subfield><subfield code="w">(NNU)001680281</subfield><subfield code="w">(DLC)73206585 /NE</subfield></datafield><datafield ind1=" " ind2="0" tag="830"><subfield code="a">Maktabah al-&#699;Arab&#299;yah (Cairo, Egypt)</subfield></datafield><datafield ind1="4" ind2="0" tag="856"><subfield code="u">http://hdl.handle.net/2333.1/8gtht9g5</subfield></datafield><datafield ind1=" " ind2=" " tag="959"><subfield code="a">NNU</subfield><subfield code="b">WEB</subfield><subfield code="c">GENI</subfield><subfield code="t">0</subfield><subfield code="m">Electronic access</subfield><subfield code="s">01</subfield></datafield><datafield ind1=" " ind2=" " tag="999"><subfield code="i">NNU_001680281</subfield><subfield code="o" /><subfield code="e">(ERROR-880)(ERROR-SERIES)</subfield></datafield></record>